@Misc{Nunes07:social,
 author = {Maira Nunes},
 title = {Social Impact Games: Uma nova possibilidade de comunicação},
 howpublished = {\url{http://www.bocc.uff.br/pag/nunes-maira-social-impact-games.pdf}},
 month = {Julho},
 year = {2007},
 note = {Acessado em 27 de abril de 2014.},
}

@MASTERSTHESIS{Cecin05:FreeMMG,
	author = {Fábio Reis Cecin},
	title = {FreeMMG: uma arquitetura cliente-servidor e par-a-par de suporte a jogos maciçamente
	distribuídos},
	school = {Instituto de Informática. Universidade Federal do Rio Grande do Sul},
	month = {Março},
	year = {2005}, 
	type = {Master's thesis},
}

@MISC{Mattia14:Android,
	author = {Mattia Mercato}, 
	title = {A doce história do Android}, 
	howpublished = {\url{http://www.androidpit.com.br/historia-do-android}},
	month = {Junho}, 
	year = {2014}, 
	note = {Acessado em 14 de outubro de 2014.}, 
}

@MISC{devicesPic,
	author = {Aden Hepburn},
	title = {Infographic: 2013 Mobile Growth Statistics},
	howpublished = {\url{http://www.digitalbuzzblog.com/infographic-2013-mobile-growth-statistics/}},
	month = {Outubro},
	year = {2013},
}